% use `texdoc biblatex` to get help
@www{zjuthesisrules,
    title = {浙江大学本科生毕业论文（设计）编写规则},
    author = {浙江大学本科生院},
    year = {2018},
    url = {http://bksy.zju.edu.cn/attachments/2018-01/01-1517384518-1149149.pdf},
}
@www{tikz,
    title = {tikz宏包},
    author = {Till Tantau},
    year = {2018},
    url = {https://sourceforge.net/projects/pgf/},
}
@www{zjuthesis,
    title = {浙江大学毕业设计/论文模板},
    author = {王子轩},
    year = {2019},
    url = {https://github.com/TheNetAdmin/zjuthesis},
}
@www{zjugradthesisrules,
    title = {浙江大学研究生学位论文编写规则},
    author = {浙江大学研究生院},
    year = {2008},
    url = {http://grs.zju.edu.cn/redir.php?catalog_id=10038&object_id=12877},
}
@article{zhou2020review,
  title={Review of vertical take-off and landing fixed-wing UAV and its application prospect in precision agriculture},
  author={Zhou, Mingjie and Zhou, Zhiyan and Liu, Luohao and Huang, Jun and Lyu, Zichen},
  journal={International Journal of Precision Agricultural Aviation},
  volume={3},
  number={4},
  year={2020}
}
@article{okulski2022small,
  title={A Small UAV Optimized for Efficient Long-Range and VTOL Missions: An Experimental Tandem-Wing Quadplane Drone},
  author={Okulski, Micha{\l} and {\L}awry{\'n}czuk, Maciej},
  journal={Applied Sciences},
  volume={12},
  number={14},
  pages={7059},
  year={2022},
  publisher={MDPI}
}
@article{zakaria2019aerial,
  title={Aerial platform reliability for flood monitoring under various weather conditions: A review},
  author={Zakaria, Shazrizil and Mahadi, Muhammad Razif and Abdullah, Ahmad Fikri and Abdan, Khalina},
  journal={Intelligent Systems for Crisis Management: Gi4DM 2018 11},
  pages={295--314},
  year={2019},
  publisher={Springer}
}
@article{naldi2011optimal,
  title={Optimal transition maneuvers for a class of V/STOL aircraft},
  author={Naldi, Roberto and Marconi, Lorenzo},
  journal={Automatica},
  volume={47},
  number={5},
  pages={870--879},
  year={2011},
  publisher={Elsevier}
}
@inproceedings{panish2022transition,
  title={Transition trajectory optimization for a tiltwing VTOL aircraft with leading-edge fluid injection active flow control},
  author={Panish, Leo and Bacic, Marko},
  booktitle={AIAA SCITECH 2022 Forum},
  pages={1082},
  year={2022}
}
@article{li2020transition,
  title={Transition optimization for a VTOL tail-sitter UAV},
  author={Li, Boyang and Sun, Jingxuan and Zhou, Weifeng and Wen, Chih-Yung and Low, Kin Huat and Chen, Chih-Keng},
  journal={IEEE/ASME transactions on mechatronics},
  volume={25},
  number={5},
  pages={2534--2545},
  year={2020},
  publisher={IEEE}
}
@inproceedings{ajith2021unmanned,
  title={Unmanned aerial systems in search and rescue applications with their path planning: a review},
  author={Ajith, VS and Jolly, KG},
  booktitle={Journal of Physics: Conference Series},
  volume={2115},
  number={1},
  pages={012020},
  year={2021},
  organization={IOP Publishing}
}
@inproceedings{argyle2013vertical,
  title={The vertical bat tail-sitter: dynamic model and control architecture},
  author={Argyle, Matthew E and Beard, Randal W and Morris, Stephen},
  booktitle={2013 American Control Conference},
  pages={806--811},
  year={2013},
  organization={IEEE}
}
@phdthesis{graf2005effects,
  title={Effects of duct lip shaping and various control devices on the hover and forward flight performance of ducted fan UAVs},
  author={Graf, Will Edward},
  year={2005},
  school={Virginia Tech}
}
@article{orkisz20203e,
  title={3E-A new paradigm for the development of civil aviation},
  author={Orkisz, Marek and Ku{\'z}niar, Micha{\l}},
  journal={Combustion Engines},
  volume={59},
  year={2020}
}
@inproceedings{polaczyk2019review,
  title={A review of current technology and research in urban on-demand air mobility applications},
  author={Polaczyk, Nicholas and Trombino, Enzo and Wei, Peng and Mitici, Mihaela},
  booktitle={8th Biennial Autonomous VTOL technical meeting and 6th Annual electric VTOL Symposium},
  pages={333--343},
  year={2019}
}
@inproceedings{green2005mav,
  title={A MAV that flies like an airplane and hovers like a helicopter},
  author={Green, William E and Oh, Paul Y},
  booktitle={Proceedings, 2005 IEEE/ASME International Conference on Advanced Intelligent Mechatronics.},
  pages={693--698},
  year={2005},
  organization={IEEE}
}
@article{kubo2008tail,
  title={Tail-sitter vertical takeoff and landing unmanned aerial vehicle: transitional flight analysis},
  author={Kubo, Daisuke and Suzuki, Shinji},
  journal={Journal of Aircraft},
  volume={45},
  number={1},
  pages={292--297},
  year={2008}
}
@article{banazadeh2016optimal,
  title={Optimal control of an aerial tail sitter in transition flight phases},
  author={Banazadeh, Afshin and Taymourtash, Neda},
  journal={Journal of Aircraft},
  volume={53},
  number={4},
  pages={914--921},
  year={2016},
  publisher={Optical Society of America}
}
@inproceedings{russo2011dynamics,
  title={Dynamics exploration and aggressive maneuvering of a longitudinal vectored thrust VTOL aircraft},
  author={Russo, Enrico and Notarstefano, Giuseppe and Hauser, John},
  booktitle={2011 50th IEEE Conference on Decision and Control and European Control Conference},
  pages={8106--8111},
  year={2011},
  organization={IEEE}
}
@inproceedings{verling2017model,
  title={Model-based transition optimization for a VTOL tailsitter},
  author={Verling, Sebastian and Stastny, Thomas and B{\"a}ttig, Gregory and Alexis, Kostas and Siegwart, Roland},
  booktitle={2017 IEEE International Conference on Robotics and Automation (ICRA)},
  pages={3939--3944},
  year={2017},
  organization={IEEE}
}
@article{zhang2018longitudinal,
  title={Longitudinal decoupling control for the tail-sitter unmanned aerial vehicle during transition},
  author={Zhang, Dizhou and Chen, Zili and Hu, Yongjiang},
  journal={Systems Engineering and Electronics},
  volume={40},
  number={01},
  pages={132--138},
  year={2018}
}
@inproceedings{jeong2010transition,
  title={Transition Control of Near-Hover to Cruise Transition of a Tail Sitter UAV},
  author={Jeong, Yeunduk and Shim, David and Ananthkrishnan, Narayan},
  booktitle={AIAA Atmospheric Flight Mechanics Conference},
  pages={7508},
  year={2010}
}
@inproceedings{flores2020transition,
  title={Transition control of a tail-sitter UAV using recurrent neural networks},
  author={Flores, Alejandro and Flores, Gerardo},
  booktitle={2020 International Conference on Unmanned Aircraft Systems (ICUAS)},
  pages={303--309},
  year={2020},
  organization={IEEE}
}
@article{cheng2022transition,
  title={Transition analysis and practical flight control for ducted fan fixed-wing aerial robot: level path flight mode transition},
  author={Cheng, Zi-Huan and Pei, Hai-Long},
  journal={IEEE Robotics and Automation Letters},
  volume={7},
  number={2},
  pages={3106--3113},
  year={2022},
  publisher={IEEE}
}
@article{cheng2020neural,
  title={Neural-networks control for hover to high-speed-level-flight transition of ducted fan uav with provable stability},
  author={Cheng, Zihuan and Pei, Hailong and Li, Shuai},
  journal={IEEE Access},
  volume={8},
  pages={100135--100151},
  year={2020},
  publisher={IEEE}
}
@article{kikumoto2022back,
  title={Back-Transition Control With Large Deceleration for a Dual Propulsion VTOL UAV Based on Its Maneuverability},
  author={Kikumoto, Chihiro and Urakubo, Takateru and Sabe, Kohtaro and Hazama, Yuichi},
  journal={IEEE Robotics and Automation Letters},
  volume={7},
  number={4},
  pages={11697--11704},
  year={2022},
  publisher={IEEE}
}
@article{kober2013reinforcement,
  title={Reinforcement learning in robotics: A survey},
  author={Kober, Jens and Bagnell, J Andrew and Peters, Jan},
  journal={The International Journal of Robotics Research},
  volume={32},
  number={11},
  pages={1238--1274},
  year={2013},
  publisher={SAGE Publications Sage UK: London, England}
}
@article{gaudet2020deep,
  title={Deep reinforcement learning for six degree-of-freedom planetary landing},
  author={Gaudet, Brian and Linares, Richard and Furfaro, Roberto},
  journal={Advances in Space Research},
  volume={65},
  number={7},
  pages={1723--1741},
  year={2020},
  publisher={Elsevier}
}
@phdthesis{argyle2016modeling,
  title={Modeling and Control of a Tailsitter with a Ducted Fan},
  author={Argyle, Matthew Elliott},
  year={2016},
  publisher={Brigham Young University}
}
@article{johnson2006modeling,
  title={Modeling, control, and flight testing of a small-ducted fan aircraft},
  author={Johnson, Eric N and Turbe, Michael A},
  journal={Journal of guidance, control, and dynamics},
  volume={29},
  number={4},
  pages={769--779},
  year={2006}
}
@techreport{heffley1988minimum,
  title={Minimum-complexity helicopter simulation math model},
  author={Heffley, Robert K and Mnich, Marc A},
  year={1988}
}
@book{beard2012small,
  title={Small unmanned aircraft: Theory and practice},
  author={Beard, Randal W and McLain, Timothy W},
  year={2012},
  publisher={Princeton university press}
}
@inproceedings{puopolo2013comparison,
  title={Comparison of three aerodynamic models used in simulation of a high angle of attack UAV perching maneuver},
  author={Puopolo, Michael and Reynolds, Ryan and Jacob, Jamey},
  booktitle={51st AIAA Aerospace Sciences Meeting including the New Horizons Forum and Aerospace Exposition},
  pages={242},
  year={2013}
}
@article{zhang2013new,
  title={New transition method of a ducted-fan unmanned aerial vehicle},
  author={Zhang, Weize and Quan, Quan and Zhang, Ruifeng and Cai, Kai-Yuan},
  journal={Journal of aircraft},
  volume={50},
  number={4},
  pages={1131--1140},
  year={2013},
  publisher={American Institute of Aeronautics and Astronautics}
}
@inproceedings{Achiam2019BenchmarkingSE,
  title={Benchmarking Safe Exploration in Deep Reinforcement Learning},
  author={Joshua Achiam and Dario Amodei},
  year={2019}
}
@inproceedings{achiam2017constrained,
  title={Constrained policy optimization},
  author={Achiam, Joshua and Held, David and Tamar, Aviv and Abbeel, Pieter},
  booktitle={International conference on machine learning},
  pages={22--31},
  year={2017},
  organization={PMLR}
}
@inproceedings{lipera2001micro,
  title={The micro craft iSTAR micro air vehicle: Control system design and testing},
  author={Lipera, Larry and Colbourne, Jason D and Tischler, Mark B and Mansur, M Hossein and Rotkowitz, Michael C and Patangui, Paul},
  booktitle={Annual Forum Proceedings-American Helicopter Society},
  volume={57},
  number={2},
  pages={1998--2008},
  year={2001},
  organization={AMERICAN HELICOPTER SOCIETY, INC}
}
@inproceedings{schaefer2003goldeneye,
  title={Goldeneye: the clandestine UAV},
  author={Schaefer, Carl and Baskett, Lawrence},
  booktitle={2nd AIAA" Unmanned Unlimited" Conf. and Workshop \& Exhibit},
  pages={6634},
  year={2003}
}
@article{patterson2014gpops,
  title={GPOPS-II: A MATLAB software for solving multiple-phase optimal control problems using hp-adaptive Gaussian quadrature collocation methods and sparse nonlinear programming},
  author={Patterson, Michael A and Rao, Anil V},
  journal={ACM Transactions on Mathematical Software (TOMS)},
  volume={41},
  number={1},
  pages={1--37},
  year={2014},
  publisher={ACM New York, NY, USA}
}
@article{manzoor2020trajectory,
  title={Trajectory tracking control of a VTOL unmanned aerial vehicle using offset-free tracking MPC},
  author={Manzoor, Tayyab and Yuanqing, XIA and Di-Hua, ZHAI and Dailiang, MA},
  journal={Chinese Journal of Aeronautics},
  volume={33},
  number={7},
  pages={2024--2042},
  year={2020},
  publisher={Elsevier}
}
@article{hu2022nonlinear,
  title={Nonlinear control of a single tail tilt servomotor tri-rotor ducted VTOL-UAV},
  author={Hu, Yanpeng and Guo, Jin and Ying, Pei and Zeng, Guannan and Chen, Nanyu},
  journal={Aerospace},
  volume={9},
  number={6},
  pages={296},
  year={2022},
  publisher={MDPI}
}
@article{bauersfeld2021mpc,
  title={MPC flight control for a tilt-rotor VTOL aircraft},
  author={Bauersfeld, Leonard and Spannagl, Lukas and Ducard, Guillaume JJ and Onder, Christopher H},
  journal={IEEE Transactions on Aerospace and Electronic Systems},
  volume={57},
  number={4},
  pages={2395--2409},
  year={2021},
  publisher={IEEE}
}
@article{xu2019learning,
  title={Learning to fly: computational controller design for hybrid uavs with reinforcement learning},
  author={Xu, Jie and Du, Tao and Foshey, Michael and Li, Beichen and Zhu, Bo and Schulz, Adriana and Matusik, Wojciech},
  journal={ACM Transactions on Graphics (TOG)},
  volume={38},
  number={4},
  pages={1--12},
  year={2019},
  publisher={ACM New York, NY, USA}
}
@inproceedings{pyrgies2022attitude,
  title={Attitude Control of a Ducted VTOL UAV with a Certifiable (DO-178C/ED-12C) Adaptive and Learning Avionic Agent Trained with Reinforcement Learning},
  author={Pyrgies, John and Yacoubi, Moaad},
  booktitle={9ᵀᴴ EUROPEAN CONFERENCE FOR AERONAUTICS AND SPACE SCIENCES (EUCASS)},
  year={2022},
}
@article{yang2020projection,
  title={Projection-based constrained policy optimization},
  author={Yang, Tsung-Yen and Rosca, Justinian and Narasimhan, Karthik and Ramadge, Peter J},
  journal={arXiv preprint arXiv:2010.03152},
  year={2020}
}
@inproceedings{schulman2015trust,
  title={Trust region policy optimization},
  author={Schulman, John and Levine, Sergey and Abbeel, Pieter and Jordan, Michael and Moritz, Philipp},
  booktitle={International conference on machine learning},
  pages={1889--1897},
  year={2015},
  organization={PMLR}
}
@article{schulman2015high,
  title={High-dimensional continuous control using generalized advantage estimation},
  author={Schulman, John and Moritz, Philipp and Levine, Sergey and Jordan, Michael and Abbeel, Pieter},
  journal={arXiv preprint arXiv:1506.02438},
  year={2015}
}
@article{ozdemir2014design,
  title={Design of a commercial hybrid VTOL UAV system},
  author={Ozdemir, Ugur and Aktas, Yucel Orkut and Vuruskan, Aslihan and Dereli, Yasin and Tarhan, Ahmed Farabi and Demirbag, Karaca and Erdem, Ahmet and Kalaycioglu, Ganime Duygu and Ozkol, Ibrahim and Inalhan, Gokhan},
  journal={Journal of Intelligent \&amp; Robotic Systems},
  volume={74},
  pages={371--393},
  year={2014},
  publisher={Springer}
}
@article{oosedo2017optimal,
  title={Optimal transition from hovering to level-flight of a quadrotor tail-sitter UAV},
  author={Oosedo, Atsushi and Abiko, Satoko and Konno, Atsushi and Uchiyama, Masaru},
  journal={Autonomous Robots},
  volume={41},
  pages={1143--1159},
  year={2017},
  publisher={Springer}
}
@article{koch2019reinforcement,
  title={Reinforcement learning for UAV attitude control},
  author={Koch, William and Mancuso, Renato and West, Richard and Bestavros, Azer},
  journal={ACM Transactions on Cyber-Physical Systems},
  volume={3},
  number={2},
  pages={1--21},
  year={2019},
  publisher={ACM New York, NY, USA}
}
@article{pham2018autonomous,
  title={Autonomous uav navigation using reinforcement learning},
  author={Pham, Huy X and La, Hung M and Feil-Seifer, David and Nguyen, Luan V},
  journal={arXiv preprint arXiv:1801.05086},
  year={2018}
}
@inproceedings{yuksek2022transition,
  title={Transition Flight Control System Design for Fixed-Wing VTOL UAV: A Reinforcement Learning Approach},
  author={Yuksek, Burak and Inalhan, Gokhan},
  booktitle={AIAA SCITECH 2022 Forum},
  pages={0879},
  year={2022}
}
@article{brockman2016openai,
  title={Openai gym},
  author={Brockman, Greg and Cheung, Vicki and Pettersson, Ludwig and Schneider, Jonas and Schulman, John and Tang, Jie and Zaremba, Wojciech},
  journal={arXiv preprint arXiv:1606.01540},
  year={2016}
}
@inproceedings{tobin2017domain,
  title={Domain randomization for transferring deep neural networks from simulation to the real world},
  author={Tobin, Josh and Fong, Rachel and Ray, Alex and Schneider, Jonas and Zaremba, Wojciech and Abbeel, Pieter},
  booktitle={2017 IEEE/RSJ international conference on intelligent robots and systems (IROS)},
  pages={23--30},
  year={2017},
  organization={IEEE}
}
@article{zhang2023hybrid,
  title={A Hybrid Human-in-the-Loop Deep Reinforcement Learning Method for UAV Motion Planning for Long Trajectories with Unpredictable Obstacles},
  author={Zhang, Sitong and Li, Yibing and Ye, Fang and Geng, Xiaoyu and Zhou, Zitao and Shi, Tuo},
  journal={Drones},
  volume={7},
  number={5},
  pages={311},
  year={2023},
  publisher={MDPI}
}
@article{xu2021deep,
  title={Deep reinforcement learning-based accurate control of planetary soft landing},
  author={Xu, Xibao and Chen, Yushen and Bai, Chengchao},
  journal={Sensors},
  volume={21},
  number={23},
  pages={8161},
  year={2021},
  publisher={MDPI}
}
@article{choi2012static,
  title={Static analysis of a small scale ducted-fan UAV using wind tunnel data},
  author={Choi, Youn-Han and Suk, Jinyoung and Hong, Sang-Hwee},
  journal={International Journal Aeronautical and Space Sciences},
  volume={13},
  number={1},
  pages={34--42},
  year={2012},
  publisher={Choi Youn-Han; Suk Jinyoung; Hong Sang-Hwee}
}
@article{杜思亮2016轴流状态下涵道螺旋桨增升方法的数值模拟,
  title={轴流状态下涵道螺旋桨增升方法的数值模拟},
  author={杜思亮 and 芦志明 and 唐正飞},
  journal={南京航空航天大学学报},
  volume={48},
  number={2},
  pages={173--179},
  year={2016}
}
@article{myers2009aerodynamic,
  title={Aerodynamic experiments on a ducted fan in hover and edgewise flight},
  author={Myers, Leighton Montgomery},
  year={2009}
}
@phdthesis{任小璐2014涵道式无人飞行器建模与控制方法研究,
  title={涵道式无人飞行器建模与控制方法研究},
  author={任小璐},
  year={2014},
  school={哈尔滨工业大学}
}
@article{tobias2008development,
  title={Development of modeling and simulation tools for analysis of ducted fan aircraft},
  author={Tobias, Eric Luke},
  year={2008}
}
@article{hale2017aerodynamic,
  title={Aerodynamic parameter identification and uncertainty quantification for small unmanned aircraft},
  author={Hale, Lawrence E and Patil, Mayuresh and Roy, Christopher J},
  journal={Journal of Guidance, Control, and Dynamics},
  volume={40},
  number={3},
  pages={680--691},
  year={2017},
  publisher={American Institute of Aeronautics and Astronautics}
}
@book{stengel2005flight,
  title={Flight dynamics},
  author={Stengel, Robert F},
  year={2005},
  publisher={Princeton university press}
}
@inproceedings{pardo2018time,
  title={Time limits in reinforcement learning},
  author={Pardo, Fabio and Tavakoli, Arash and Levdik, Vitaly and Kormushev, Petar},
  booktitle={International Conference on Machine Learning},
  pages={4045--4054},
  year={2018},
  organization={PMLR}
}
@article{berner2019dota,
  title={Dota 2 with large scale deep reinforcement learning},
  author={Berner, Christopher and Brockman, Greg and Chan, Brooke and Cheung, Vicki and D{\k{e}}biak, Przemys{\l}aw and Dennison, Christy and Farhi, David and Fischer, Quirin and Hashme, Shariq and Hesse, Chris and others},
  journal={arXiv preprint arXiv:1912.06680},
  year={2019}
}
@article{kim2023reinforcement,
  title={A Reinforcement Learning Approach to Control of a Quadrotor Biplane Tailsitter for Adaptive Landing Maneuvers},
  author={Kim, Jae Woo},
  year={2023}
}
@article{kaufmann2023champion,
  title={Champion-level drone racing using deep reinforcement learning},
  author={Kaufmann, Elia and Bauersfeld, Leonard and Loquercio, Antonio and M{\"u}ller, Matthias and Koltun, Vladlen and Scaramuzza, Davide},
  journal={Nature},
  volume={620},
  number={7976},
  pages={982--987},
  year={2023},
  publisher={Nature Publishing Group UK London}
}
@article{penicka2022learning,
  title={Learning minimum-time flight in cluttered environments},
  author={Penicka, Robert and Song, Yunlong and Kaufmann, Elia and Scaramuzza, Davide},
  journal={IEEE Robotics and Automation Letters},
  volume={7},
  number={3},
  pages={7209--7216},
  year={2022},
  publisher={IEEE}
}
@article{tessler2018reward,
  title={Reward constrained policy optimization},
  author={Tessler, Chen and Mankowitz, Daniel J and Mannor, Shie},
  journal={arXiv preprint arXiv:1805.11074},
  year={2018}
}
@article{zhang2020first,
  title={First order constrained optimization in policy space},
  author={Zhang, Yiming and Vuong, Quan and Ross, Keith},
  journal={Advances in Neural Information Processing Systems},
  volume={33},
  pages={15338--15349},
  year={2020}
}
@article{schulman2017proximal,
  title={Proximal policy optimization algorithms},
  author={Schulman, John and Wolski, Filip and Dhariwal, Prafulla and Radford, Alec and Klimov, Oleg},
  journal={arXiv preprint arXiv:1707.06347},
  year={2017}
}
@inproceedings{bengio2009curriculum,
  title={Curriculum learning},
  author={Bengio, Yoshua and Louradour, J{\'e}r{\^o}me and Collobert, Ronan and Weston, Jason},
  booktitle={Proceedings of the 26th annual international conference on machine learning},
  pages={41--48},
  year={2009}
}
@article{abichandani2020wind,
  title={Wind measurement and simulation techniques in multi-rotor small unmanned aerial vehicles},
  author={Abichandani, Pramod and Lobo, Deepan and Ford, Gabriel and Bucci, Donald and Kam, Moshe},
  journal={IEEE Access},
  volume={8},
  pages={54910--54927},
  year={2020},
  publisher={IEEE}
}
@article{mao2018variance,
  title={Variance reduction for reinforcement learning in input-driven environments},
  author={Mao, Hongzi and Venkatakrishnan, Shaileshh Bojja and Schwarzkopf, Malte and Alizadeh, Mohammad},
  journal={arXiv preprint arXiv:1807.02264},
  year={2018}
}
@article{bohez2019value,
  title={Value constrained model-free continuous control},
  author={Bohez, Steven and Abdolmaleki, Abbas and Neunert, Michael and Buchli, Jonas and Heess, Nicolas and Hadsell, Raia},
  journal={arXiv preprint arXiv:1902.04623},
  year={2019}
}
@inproceedings{liu2021policy,
  title={Policy learning with constraints in model-free reinforcement learning: A survey},
  author={Liu, Yongshuai and Halev, Avishai and Liu, Xin},
  booktitle={The 30th international joint conference on artificial intelligence (ijcai)},
  year={2021}
}
@article{tessler2018reward,
  title={Reward constrained policy optimization},
  author={Tessler, Chen and Mankowitz, Daniel J and Mannor, Shie},
  journal={arXiv preprint arXiv:1805.11074},
  year={2018}
}
@phdthesis { 1022766347.nh,
author = { 程子欢 },
title = {涵道风扇动力尾座式垂直起降飞行器飞行模态转换控制研究},
school = {华南理工大学},
year = {2022}
}
@inproceedings{yang2020indi,
  title={INDI-based transitional flight control and stability analysis of a tail-sitter UAV},
  author={Yang, Yunjie and Zhu, Jihong and Yang, Jiali},
  booktitle={2020 IEEE International Conference on Systems, Man, and Cybernetics (SMC)},
  pages={1420--1426},
  year={2020},
  organization={IEEE}
}
@article{yang2021robust,
  title={Robust optimal transition maneuvers control for tail-sitter unmanned aerial vehicles},
  author={Yang, Yunjie and Yang, Jiali and Wang, Xiangyang and Zhu, Jihong},
  journal={International Journal of Robust and Nonlinear Control},
  volume={31},
  number={16},
  pages={8007--8029},
  year={2021},
  publisher={Wiley Online Library}
}
@inproceedings{kubo2007transitional,
  title={Transitional flight control of tail-sitter vertical takeoff and landing mini unmanned aerial vehicle},
  author={Kubo, Daisuke and Suzuki, Shinji},
  booktitle={AIAA Infotech@ Aerospace 2007 Conference and Exhibit},
  pages={2752},
  year={2007}
}
@article{yang2024dynamic,
  title={Dynamic characteristics analysis and robust transition control of tail-sitter VTOL UAVs},
  author={Yang, Yunjie and Zhu, Jihong and Yuan, Xiaming and Wang, Xiangyang and Kuang, Minchi and Shi, Heng},
  journal={Aerospace Science and Technology},
  volume={145},
  pages={108868},
  year={2024},
  publisher={Elsevier}
}
@inproceedings{lee2021online,
  title={Online reinforcement learning for fixed-wing aircraft longitudinal control},
  author={Lee, Jun H and Van Kampen, Erik-Jan},
  booktitle={AIAA Scitech 2021 Forum},
  pages={0392},
  year={2021}
}
@article{bohn2023data,
  title={Data-efficient deep reinforcement learning for attitude control of fixed-wing uavs: Field experiments},
  author={Bohn, Eivind and Coates, Erlend M and Reinhardt, Dirk and Johansen, Tor Arne},
  journal={IEEE Transactions on Neural Networks and Learning Systems},
  year={2023},
  publisher={IEEE}
}
@article{wang2020improving,
  title={Improving generalization in reinforcement learning with mixture regularization},
  author={Wang, Kaixin and Kang, Bingyi and Shao, Jie and Feng, Jiashi},
  journal={Advances in Neural Information Processing Systems},
  volume={33},
  pages={7968--7978},
  year={2020}
}
@inproceedings{mandlekar2017adversarially,
  title={Adversarially robust policy learning: Active construction of physically-plausible perturbations},
  author={Mandlekar, Ajay and Zhu, Yuke and Garg, Animesh and Fei-Fei, Li and Savarese, Silvio},
  booktitle={2017 IEEE/RSJ International Conference on Intelligent Robots and Systems (IROS)},
  pages={3932--3939},
  year={2017},
  organization={IEEE}
}
@article{packer2018assessing,
  title={Assessing generalization in deep reinforcement learning},
  author={Packer, Charles and Gao, Katelyn and Kos, Jernej and Kr{\"a}henb{\"u}hl, Philipp and Koltun, Vladlen and Song, Dawn},
  journal={arXiv preprint arXiv:1810.12282},
  year={2018}
}
@article{garcia2015comprehensive,
  title={A comprehensive survey on safe reinforcement learning},
  author={Garc{\i}a, Javier and Fern{\'a}ndez, Fernando},
  journal={Journal of Machine Learning Research},
  volume={16},
  number={1},
  pages={1437--1480},
  year={2015}
}